<?xml version="1.0" encoding="UTF-8"?><collection xmlns="http://www.loc.gov/MARC21/slim"><record><leader>00419nam--2200133-i-4500</leader><controlfield tag="001">000032217</controlfield><controlfield tag="002">20161230</controlfield><controlfield tag="005">20161230201039</controlfield><controlfield tag="008">060222s1000------------r-----000-0-eng-d</controlfield><datafield ind1=" " ind2=" " tag="100"><subfield code="a">Mayer, H.And Macrin, Gh</subfield></datafield><datafield ind1=" " ind2=" " tag="245"><subfield code="a">Thermal ionization of potassium atoms upon surfaces of platinum and tungsten</subfield></datafield><datafield ind1=" " ind2=" " tag="260"><subfield code="a">Cernauti, 1937, 13p.Cu Ilustr</subfield></datafield><datafield ind1=" " ind2=" " tag="490"><subfield code="a">Reprinted From `The Volume Dedicated To Ion I.Nistor`</subfield></datafield><datafield ind1=" " ind2=" " tag="852"><subfield code="a">3610</subfield></datafield></record></collection>